
@incollection{dannenberg2008music,
  title={Music structure analysis from acoustic signals},
  author={Dannenberg, Roger B and Goto, Masataka},
  booktitle={Handbook of signal processing in acoustics},
  pages={305--331},
  year={2008},
  publisher={Springer}
}

@book{müller2016fundamentals,
  title={Fundamentals of Music Processing: Audio, Analysis, Algorithms, Applications},
  author={M{\"u}ller, M.},
  isbn={9783319357652},
  url={https://books.google.ca/books?id=Wl8ivgAACAAJ},
  year={2016},
  publisher={Springer International Publishing}
}


@article{Benetos2013AutomaticMT,
  title={Automatic music transcription: challenges and future directions},
  author={Emmanouil Benetos and Simon Dixon and Dimitrios Giannoulis and Holger Kirchhoff and Anssi Klapuri},
  journal={Journal of Intelligent Information Systems},
  year={2013},
  volume={41},
  pages={407 - 434},
  url={https://api.semanticscholar.org/CorpusID:207169189}
}
@inproceedings{
  hawthorne2018enabling,
  title={Enabling Factorized Piano Music Modeling and Generation with the {MAESTRO} Dataset},
  author={Curtis Hawthorne and Andriy Stasyuk and Adam Roberts and Ian Simon and Cheng-Zhi Anna Huang and Sander Dieleman and Erich Elsen and Jesse Engel and Douglas Eck},
  booktitle={International Conference on Learning Representations},
  year={2019},
  url={https://openreview.net/forum?id=r1lYRjC9F7},
}
@INPROCEEDINGS{pyin,
  author={Mauch, Matthias and Dixon, Simon},
  booktitle={2014 IEEE International Conference on Acoustics, Speech and Signal Processing (ICASSP)}, 
  title={PYIN: A fundamental frequency estimator using probabilistic threshold distributions}, 
  year={2014},
  volume={},
  number={},
  pages={659-663},
  keywords={Hidden Markov models;Frequency estimation;Probabilistic logic;Smoothing methods;Signal processing algorithms;Algorithm design and analysis;Databases;Pitch estimation;pitch tracking;YIN},
  doi={10.1109/ICASSP.2014.6853678}}
@inproceedings{mcfee2015librosa,
  title={librosa: Audio and music signal analysis in python},
  author={McFee, Brian and Raffel, Colin and Liang, Dawen and Ellis, Daniel PW and McVicar, Matt and Battenberg, Eric and Nieto, Oriol},
  booktitle={Proceedings of the 14th python in science conference},
  volume={8},
  year={2015}
}
@misc{Music_and_mathematics,
url={https://en.wikipedia.org/wiki/Music_and_mathematics}, journal={Music_and_mathematics}
} 
@misc{thiagoft,
author={Thiago Fernandes Tavares},
url={https://github.com/tiagoft/audio_to_midi/blob/master/sound_to_midi/monophonic.py}
}
@misc{quantumconnect,
url={https://www.quantconnect.com/docs/v2/research-environment/applying-research/hidden-markov-models}
}
@misc{do_1_wiki,
url={https://fr.wikipedia.org/wiki/Harmonique_(musique)}
}
@inproceedings{rouard2022hybrid,
  title={Hybrid Transformers for Music Source Separation},
  author={Rouard, Simon and Massa, Francisco and D{\'e}fossez, Alexandre},
  booktitle={ICASSP 23},
  year={2023}
}

@inproceedings{defossez2021hybrid,
  title={Hybrid Spectrogram and Waveform Source Separation},
  author={D{\'e}fossez, Alexandre},
  booktitle={Proceedings of the ISMIR 2021 Workshop on Music Source Separation},
  year={2021}
}
@article{Raczynski2013,
  author    = {Stanisław A. Raczyński and Emmanuel Vincent and Shigeki Sagayama},
  title     = {Dynamic Bayesian Networks for Symbolic Polyphonic Pitch Modeling},
  journal   = {IEEE Transactions on Audio, Speech, and Language Processing},
  volume    = {21},
  number    = {9},
  pages     = {1830--1840},
  year      = {2013},
  doi       = {10.1109/TASL.2013.2258012},
  publisher = {IEEE},
}

@inproceedings{Liu2020,
  author    = {Lele Liu and Veronica Morfi and Emmanouil Benetos},
  title     = {Joint Piano-roll and Score Transcription for Polyphonic Piano Music},
  booktitle = {DMRN+15: Digital Music Research Network One-day Workshop 2020},
  year      = {2020},
  organization = {Queen Mary University of London},
}

@misc{WikipediaBispectrum,
  author       = {Wikipedia contributors},
  title        = {Bispectrum},
  year         = {2024},
  url          = {https://en.wikipedia.org/wiki/Bispectrum},
  note         = {[Online; accessed 20-August-2024]},
  howpublished = {\url{https://en.wikipedia.org/wiki/Bispectrum}}
}

@article{Zhang2020,
  author    = {Weiwei Zhang and Zhe Chen and Fuliang Yin},
  title     = {Multi-Pitch Estimation of Polyphonic Music Based on Pseudo Two-Dimensional Spectrum},
  journal   = {IEEE/ACM Transactions on Audio, Speech, and Language Processing},
  volume    = {28},
  pages     = {2095--2107},
  year      = {2020},
  doi       = {10.1109/TASLP.2020.3007794},
  publisher = {IEEE},
}
@misc{TemperamentEgal,
  author       = {iMusic-School},
  title        = {Tempérament égal},
  year         = {2024},
  url          = {https://www.imusic-school.com/blog/fr/encyclopedie/theorie/temperament-egal/},
  note         = {[Online; accessed 20-August-2024]},
  howpublished = {\url{https://www.imusic-school.com/blog/fr/encyclopedie/theorie/temperament-egal/}}
}
@misc{WikipediaConstantQ,
  author       = {Wikipedia contributors},
  title        = {Constant-Q transform},
  year         = {2024},
  url          = {https://en.wikipedia.org/wiki/Constant-Q_transform},
  note         = {[Online; accessed 20-August-2024]},
  howpublished = {\url{https://en.wikipedia.org/wiki/Constant-Q_transform}}
}

@misc{GPH3001,
  author       = {craqu},
  title        = {GPH-3001},
  year         = {2024},
  url          = {https://github.com/craqu/GPH-3001},
  note         = {[Online; accessed 20-August-2024]},
  howpublished = {\url{https://github.com/craqu/GPH-3001}}
}

@inproceedings{Raffel2014,
  author    = {Colin Raffel and Brian McFee and Eric J. Humphrey and Justin Salamon and Oriol Nieto and Dawen Liang and Daniel P. W. Ellis},
  title     = {mir_eval: A Transparent Implementation of Common MIR Metrics},
  booktitle = {Proceedings of the 15th International Society for Music Information Retrieval Conference (ISMIR)},
  year      = {2014},
  address   = {New York, USA},
  pages     = {367--372},
  publisher = {ISMIR},
  url       = {https://ismir2014.ismir.net/proceedings.html}
}

@misc{PianoBubbleSpeed,
  author       = {Piano Bubble},
  title        = {How Fast Can Pianists Play?},
  year         = {2024},
  url          = {https://pianobubble.com/how-fast-can-pianists-play/},
  note         = {[Online; accessed 20-August-2024]},
  howpublished = {\url{https://pianobubble.com/how-fast-can-pianists-play/}}
}

@misc{SoundDemixing2023,
  author       = {AIcrowd},
  title        = {Sound Demixing Challenge 2023},
  year         = {2023},
  url          = {https://www.aicrowd.com/challenges/sound-demixing-challenge-2023},
  note         = {[Online; accessed 20-August-2024]},
  howpublished = {\url{https://www.aicrowd.com/challenges/sound-demixing-challenge-2023}}
}
